<record><leader>00000cas a22000007a 4500</leader><controlfield tag="001">10539666</controlfield><controlfield tag="008">840320d18591886njudn ne      0    0eng d</controlfield><datafield ind1=" " ind2=" " tag="010"><subfield code="a">sn 84026644 </subfield></datafield><datafield ind1=" " ind2=" " tag="040"><subfield code="a">NPU</subfield><subfield code="b">eng</subfield><subfield code="c">NPU</subfield><subfield code="d">NPX</subfield><subfield code="d">NPA</subfield><subfield code="d">NJW</subfield><subfield code="d">OCLCQ</subfield></datafield><datafield ind1=" " ind2=" " tag="042"><subfield code="a">msc</subfield></datafield><datafield ind1="0" ind2="4" tag="245"><subfield code="a">The New-Brunswick daily Fredonian.</subfield></datafield><datafield ind1=" " ind2=" " tag="260"><subfield code="a">New-Brunswick, N.J. :</subfield><subfield code="b">Babcock &amp; Johnson,</subfield><subfield code="c">-1886.</subfield></datafield><datafield ind1=" " ind2=" " tag="300"><subfield code="a">v. :</subfield><subfield code="b">ill. (chiefly advertisements) ;</subfield><subfield code="c">62 cm.</subfield></datafield><datafield ind1=" " ind2=" " tag="310"><subfield code="a">Daily (except Sun. and holidays)</subfield></datafield><datafield ind1="1" ind2=" " tag="362"><subfield code="a">Began with Mar. 28, 1859 issue.</subfield></datafield><datafield ind1="0" ind2=" " tag="362"><subfield code="a">-Apr. 17, 1886.</subfield></datafield><datafield ind1=" " ind2=" " tag="500"><subfield code="a">Publishers: John F. Babcock, &lt;1868-1869&gt;; Babcock &amp; Johnson, &lt;1870-1877&gt;.</subfield></datafield><datafield ind1=" " ind2=" " tag="500"><subfield code="a">Editor: John F. Babcock, &lt;1868-1877&gt;.</subfield></datafield><datafield ind1=" " ind2=" " tag="500"><subfield code="a">Republican. Cf. Rowell, 1869.</subfield></datafield><datafield ind1=" " ind2=" " tag="530"><subfield code="a">Also issued on microfilm as part of the Civil War newspapers collection.</subfield></datafield><datafield ind1=" " ind2=" " tag="588"><subfield code="a">Description based on: Mar. 31, 1859.</subfield></datafield><datafield ind1=" " ind2=" " tag="752"><subfield code="a">United States</subfield><subfield code="b">New Jersey</subfield><subfield code="c">Middlesex</subfield><subfield code="d">New Brunswick.</subfield></datafield><datafield ind1="0" ind2=" " tag="775"><subfield code="t">New-Brunswick semi-weekly Fredonian</subfield><subfield code="w">(DLC)sn 85036038</subfield><subfield code="w">(OCoLC)12605186</subfield></datafield><datafield ind1="1" ind2=" " tag="775"><subfield code="t">New-Brunswick Fredonian</subfield><subfield code="w">(DLC)sn 84025705</subfield><subfield code="w">(OCoLC)10303008</subfield></datafield><datafield ind1="1" ind2=" " tag="775"><subfield code="t">New-Brunswick weekly Fredonian (1866)</subfield><subfield code="w">(DLC)sn 84026643</subfield><subfield code="w">(OCoLC)10540510</subfield></datafield><datafield ind1="1" ind2=" " tag="775"><subfield code="t">New-Brunswick weekly Fredonian (1885)</subfield><subfield code="w">(DLC)sn 85036039</subfield><subfield code="w">(OCoLC)12605207</subfield></datafield><datafield ind1="0" ind2="0" tag="780"><subfield code="t">Daily New-Brunswicker</subfield><subfield code="w">(DLC)sn 85036042</subfield><subfield code="w">(OCoLC)12605105</subfield></datafield><datafield ind1="0" ind2="0" tag="785"><subfield code="t">Daily Fredonian</subfield><subfield code="w">(DLC)sn 85036043</subfield><subfield code="w">(OCoLC)12605142</subfield></datafield></record>